<?xml version="1.0" encoding="UTF-8"?><record xmlns="http://www.loc.gov/MARC21/slim" xmlns:cinclude="http://apache.org/cocoon/include/1.0" xmlns:zs="http://www.loc.gov/zing/srw/">
  <leader>00968cz  a2200229n  4500</leader>
  <controlfield tag="001">nb2011029008</controlfield>
  <controlfield tag="003">DLC</controlfield>
  <controlfield tag="005">20121205075008.0</controlfield>
  <controlfield tag="008">111107n| azannaabn          |a ana      </controlfield>
  <datafield tag="010" ind1=" " ind2=" ">
    <subfield code="a">nb2011029008</subfield>
  </datafield>
  <datafield tag="035" ind1=" " ind2=" ">
    <subfield code="a">(Uk)008310539</subfield>
  </datafield>
  <datafield tag="040" ind1=" " ind2=" ">
    <subfield code="a">Uk</subfield>
    <subfield code="b">eng</subfield>
    <subfield code="c">Uk</subfield>
    <subfield code="e">rda</subfield>
    <subfield code="d">DLC</subfield>
    <subfield code="d">Uk</subfield>
  </datafield>
  <datafield tag="046" ind1=" " ind2=" ">
    <subfield code="s">20111005</subfield>
    <subfield code="t">20111008</subfield>
  </datafield>
  <datafield tag="111" ind1="2" ind2=" ">
    <subfield code="a">ICEC (Conference)</subfield>
    <subfield code="n">(10th :</subfield>
    <subfield code="d">2011 :</subfield>
    <subfield code="c">Vancouver, B.C.)</subfield>
  </datafield>
  <datafield tag="368" ind1=" " ind2=" ">
    <subfield code="a">Congresses and conventions</subfield>
    <subfield code="2">lcsh</subfield>
  </datafield>
  <datafield tag="370" ind1=" " ind2=" ">
    <subfield code="e">Vancouver, B.C.</subfield>
  </datafield>
  <datafield tag="372" ind1=" " ind2=" ">
    <subfield code="a">Entertainment computing</subfield>
    <subfield code="2">lcsh</subfield>
  </datafield>
  <datafield tag="377" ind1=" " ind2=" ">
    <subfield code="a">eng</subfield>
  </datafield>
  <datafield tag="411" ind1="2" ind2=" ">
    <subfield code="a">International Conference on Entertainment Computing</subfield>
    <subfield code="n">(10th :</subfield>
    <subfield code="d">2011 :</subfield>
    <subfield code="c">Vancouver, B.C.)</subfield>
  </datafield>
  <datafield tag="411" ind1="2" ind2=" ">
    <subfield code="a">Conference on Entertainment Computing, International</subfield>
    <subfield code="n">(10th :</subfield>
    <subfield code="d">2011 :</subfield>
    <subfield code="c">Vancouver, B.C.)</subfield>
  </datafield>
  <datafield tag="411" ind1="2" ind2=" ">
    <subfield code="w">nnea</subfield>
    <subfield code="a">ICEC 2011</subfield>
    <subfield code="d">(2011 :</subfield>
    <subfield code="c">Vancouver, B.C.)</subfield>
  </datafield>
  <datafield tag="670" ind1=" " ind2=" ">
    <subfield code="a">Entertainment computing : ICEC 2011, c2011:</subfield>
    <subfield code="b">t.p. (10th international conference, Vancouver, Canada, October 5-8, 2011) pref. (10th International Conference on Entertainment Computing)</subfield>
  </datafield>
</record>